<?xml version="1.0"?>
<marc:collection xmlns:marc="http://www.loc.gov/MARC21/slim" xmlns:xsi="http://www.w3.org/2001/XMLSchema-instance" xsi:schemaLocation="http://www.loc.gov/MARC21/slim http://www.loc.gov/standards/marcxml/schema/MARC21slim.xsd">
   <marc:record type="Bibliographic">
      <marc:leader>02965cam a2200541 a 4500</marc:leader>
      <marc:controlfield tag="001">439675</marc:controlfield>
      <marc:controlfield tag="003">NjP</marc:controlfield>
      <marc:controlfield tag="005">20120828121529.0</marc:controlfield>
      <marc:controlfield tag="008">880421s1984    ir       d    001 0 ara d</marc:controlfield>
      <marc:datafield tag="024" ind1="7" ind2=" ">
         <marc:subfield code="a">princeton_aco000063</marc:subfield>
         <marc:subfield code="2">local</marc:subfield>
      </marc:datafield>
      <marc:datafield tag="035" ind1=" " ind2=" ">
         <marc:subfield code="a">(OCoLC)ocn175959234</marc:subfield>
      </marc:datafield>
      <marc:datafield tag="035" ind1=" " ind2=" ">
         <marc:subfield code="a">(OCoLC)28326048</marc:subfield>
      </marc:datafield>
      <marc:datafield tag="040" ind1=" " ind2=" ">
         <marc:subfield code="a">NjP</marc:subfield>
         <marc:subfield code="c">PUL</marc:subfield>
         <marc:subfield code="d">PUL</marc:subfield>
      </marc:datafield>
      <marc:datafield tag="035" ind1=" " ind2=" ">
         <marc:subfield code="a">(OCoLC)175959234</marc:subfield>
      </marc:datafield>
      <marc:datafield tag="035" ind1=" " ind2=" ">
         <marc:subfield code="a">(CStRLIN)NJPG88-B20792</marc:subfield>
      </marc:datafield>
      <marc:datafield tag="035" ind1=" " ind2=" ">
         <marc:subfield code="9">ACB5289TS</marc:subfield>
      </marc:datafield>
      <marc:datafield tag="035" ind1=" " ind2=" ">
         <marc:subfield code="a">(NjP)439675</marc:subfield>
      </marc:datafield>
      <marc:datafield tag="041" ind1="0" ind2=" ">
         <marc:subfield code="a">araperfreeng</marc:subfield>
      </marc:datafield>
      <marc:datafield tag="079" ind1=" " ind2=" ">
         <marc:subfield code="a">ocm28326048</marc:subfield>
      </marc:datafield>
      <marc:datafield tag="049" ind1=" " ind2=" ">
         <marc:subfield code="a">PULL</marc:subfield>
      </marc:datafield>
      <marc:datafield tag="100" ind1="1" ind2=" ">
         <marc:subfield code="6">880-01</marc:subfield>
         <marc:subfield code="a">Sa&#x304;biq, Jirwa&#x304;n.</marc:subfield>
      </marc:datafield>
      <marc:datafield tag="240" ind1="1" ind2="0">
         <marc:subfield code="6">880-02</marc:subfield>
         <marc:subfield code="a">Majma&#x2BB; al-lugha&#x304;t.</marc:subfield>
         <marc:subfield code="l">Polyglot</marc:subfield>
      </marc:datafield>
      <marc:datafield tag="245" ind1="1" ind2="0">
         <marc:subfield code="6">880-03</marc:subfield>
         <marc:subfield code="a">Majma&#x2BB; al-lugha&#x304;t :</marc:subfield>
         <marc:subfield code="b">farhang-i mus&#x323;t&#x323;alah&#x323;a&#x304;t bih chaha&#x304;r zaba&#x304;n-i &#x2BB;Arabi&#x304;, Fa&#x304;rsi&#x304;, Fara&#x304;nsah, Ingili&#x304;si&#x304; /</marc:subfield>
         <marc:subfield code="c">tarjumah va tanz&#x323;i&#x304;m-i bakhsh-i Fa&#x304;rsi&#x304;, Murtaz&#x324;a&#x301; A&#x304;yat Alla&#x304;h&#x2B9;za&#x304;dah Shi&#x304;ra&#x304;zi&#x304;, A&#x304;z&#x332;arta&#x304;sh A&#x304;z&#x332;arnu&#x304;sh, Mah&#x323;mu&#x304;d &#x2BB;A&#x304;dil.</marc:subfield>
      </marc:datafield>
      <marc:datafield tag="260" ind1=" " ind2=" ">
         <marc:subfield code="6">880-04</marc:subfield>
         <marc:subfield code="a">Tihra&#x304;n :</marc:subfield>
         <marc:subfield code="b">Daftar-i Nashr-i Farhang-i Isla&#x304;mi&#x304;,</marc:subfield>
         <marc:subfield code="c">[13]63 [1984 or 1985]</marc:subfield>
      </marc:datafield>
      <marc:datafield tag="300" ind1=" " ind2=" ">
         <marc:subfield code="a">8, 1378 p. ;</marc:subfield>
         <marc:subfield code="c">25 cm.</marc:subfield>
      </marc:datafield>
      <marc:datafield tag="500" ind1=" " ind2=" ">
         <marc:subfield code="a">Arabic, Persian, French, and English.</marc:subfield>
      </marc:datafield>
      <marc:datafield tag="500" ind1=" " ind2=" ">
         <marc:subfield code="a">Title on added t.p.: Fourlingual dictionary.</marc:subfield>
      </marc:datafield>
      <marc:datafield tag="500" ind1=" " ind2=" ">
         <marc:subfield code="6">880-05</marc:subfield>
         <marc:subfield code="a">"Kita&#x304;b-i h&#x323;a&#x304;z&#x324;ir ... bi-vasi&#x304;lah-&#x2BC;i A&#x304;qa&#x304;-yi Jirva&#x304;n Sa&#x304;biq bih sih zaba&#x304;n-i &#x2BB;Arabi&#x304;, Ingili&#x304;si&#x304; va Fara&#x304;nsah dar Bayru&#x304;t  [qablan] bih cha&#x304;p rasi&#x304;d"--P. 6 (1st group)</marc:subfield>
      </marc:datafield>
      <marc:datafield tag="500" ind1=" " ind2=" ">
         <marc:subfield code="a">"Economics, laws, education, teaching, sociology, statistics, planning, applied sciences, administrative, political and diplomatic sceinces"--Added t.p.</marc:subfield>
      </marc:datafield>
      <marc:datafield tag="500" ind1=" " ind2=" ">
         <marc:subfield code="a">Includes indexes.</marc:subfield>
      </marc:datafield>
      <marc:datafield tag="650" ind1=" " ind2="0">
         <marc:subfield code="a">Arabic language</marc:subfield>
         <marc:subfield code="x">Dictionaries</marc:subfield>
         <marc:subfield code="x">Polyglot.</marc:subfield>
      </marc:datafield>
      <marc:datafield tag="700" ind1="1" ind2=" ">
         <marc:subfield code="6">880-06</marc:subfield>
         <marc:subfield code="a">A&#x304;yat Alla&#x304;h&#x2B9;za&#x304;dah Shi&#x304;ra&#x304;zi&#x304;, Murtaz&#x324;a&#x301;.</marc:subfield>
      </marc:datafield>
      <marc:datafield tag="700" ind1="1" ind2=" ">
         <marc:subfield code="6">880-07</marc:subfield>
         <marc:subfield code="a">A&#x304;z&#x332;arnu&#x304;sh, A&#x304;z&#x332;arta&#x304;sh.</marc:subfield>
      </marc:datafield>
      <marc:datafield tag="700" ind1="1" ind2=" ">
         <marc:subfield code="6">880-08</marc:subfield>
         <marc:subfield code="a">&#x2BB;A&#x304;dil, Mah&#x323;mu&#x304;d.</marc:subfield>
      </marc:datafield>
      <marc:datafield tag="740" ind1="0" ind2=" ">
         <marc:subfield code="a">Fourlingual dictionary.</marc:subfield>
      </marc:datafield>
      <marc:datafield tag="740" ind1="0" ind2=" ">
         <marc:subfield code="6">880-09</marc:subfield>
         <marc:subfield code="a">Farhang-i mus&#x323;t&#x323;alah&#x323;a&#x304;t.</marc:subfield>
      </marc:datafield>
      <marc:datafield tag="880" ind1="1" ind2=" ">
         <marc:subfield code="6">100-01/r</marc:subfield>
         <marc:subfield code="a">&#x633;&#x627;&#x628;&#x642;&#x60C; &#x62C;&#x631;&#x648;&#x627;&#x646;.</marc:subfield>
      </marc:datafield>
      <marc:datafield tag="880" ind1="1" ind2="0">
         <marc:subfield code="6">240-02/r</marc:subfield>
         <marc:subfield code="a">&#x645;&#x62C;&#x645;&#x639; &#x627;&#x644;&#x644;&#x63A;&#x627;&#x62A;.</marc:subfield>
      </marc:datafield>
      <marc:datafield tag="880" ind1="1" ind2="0">
         <marc:subfield code="6">245-03/r</marc:subfield>
         <marc:subfield code="a">&#x645;&#x62C;&#x645;&#x639; &#x627;&#x644;&#x644;&#x63A;&#x627;&#x62A; :</marc:subfield>
         <marc:subfield code="b">&#x641;&#x631;&#x647;&#x646;&#x6AF; &#x645;&#x635;&#x637;&#x644;&#x62D;&#x627;&#x62A; &#x628;&#x647; &#x686;&#x647;&#x627;&#x631; &#x632;&#x628;&#x627;&#x646; &#x639;&#x631;&#x628;&#x649;&#x60C; &#x641;&#x627;&#x631;&#x633;&#x649;&#x60C; &#x641;&#x631;&#x627;&#x646;&#x633;&#x647;&#x60C; &#x627;&#x646;&#x6AF;&#x644;&#x649;&#x633;&#x649; /</marc:subfield>
         <marc:subfield code="c">&#x62A;&#x631;&#x62C;&#x645;&#x647; &#x648; &#x62A;&#x646;&#x638;&#x649;&#x645; &#x628;&#x62E;&#x634; &#x641;&#x627;&#x631;&#x633;&#x649;&#x60C; &#x645;&#x631;&#x62A;&#x636;&#x649; &#x622;&#x649;&#x62A; &#x627;&#x644;&#x644;&#x647;&#x200C;&#x627;&#x62F;&#x647; &#x634;&#x649;&#x631;&#x627;&#x632;&#x649;&#x60C; &#x622;&#x630;&#x631;&#x62A;&#x627;&#x634; &#x622;&#x630;&#x631;&#x646;&#x648;&#x634;&#x60C; &#x645;&#x62D;&#x645;&#x648;&#x62F; &#x639;&#x627;&#x62F;&#x644;.</marc:subfield>
      </marc:datafield>
      <marc:datafield tag="880" ind1=" " ind2=" ">
         <marc:subfield code="6">260-04/r</marc:subfield>
         <marc:subfield code="a">&#x62A;&#x647;&#x631;&#x627;&#x646; :</marc:subfield>
         <marc:subfield code="b">&#x62F;&#x641;&#x62A;&#x631; &#x646;&#x634;&#x631; &#x641;&#x631;&#x647;&#x646;&#x6AF; &#x627;&#x633;&#x644;&#x627;&#x645;&#x649;&#x60C;</marc:subfield>
         <marc:subfield code="c">[13]63 [1984 or 1985]</marc:subfield>
      </marc:datafield>
      <marc:datafield tag="880" ind1=" " ind2=" ">
         <marc:subfield code="6">500-05/r</marc:subfield>
         <marc:subfield code="a">"&#x6A9;&#x62A;&#x627;&#x628; &#x62D;&#x627;&#x636;&#x631; ... &#x628;&#x648;&#x633;&#x649;&#x644;&#x6C0; &#x622;&#x642;&#x627;&#x649; &#x62C;&#x631;&#x648;&#x627;&#x646; &#x633;&#x627;&#x628;&#x642; &#x628;&#x647; &#x633;&#x647; &#x632;&#x628;&#x627;&#x646; &#x639;&#x631;&#x628;&#x649;&#x60C; &#x627;&#x646;&#x6AF;&#x644;&#x649;&#x633;&#x649; &#x648; &#x641;&#x631;&#x627;&#x646;&#x633;&#x647; &#x62F;&#x631; &#x628;&#x649;&#x631;&#x648;&#x62A;  [&#x642;&#x628;&#x644;&#x646;] &#x628;&#x647; &#x686;&#x627;&#x67E; &#x631;&#x633;&#x649;&#x62F;"&#x67E;. 6 (1st group)</marc:subfield>
      </marc:datafield>
      <marc:datafield tag="880" ind1="1" ind2=" ">
         <marc:subfield code="6">700-06/r</marc:subfield>
         <marc:subfield code="a">&#x622;&#x649;&#x62A; &#x627;&#x644;&#x644;&#x647;&#x200C;&#x627;&#x62F;&#x647; &#x634;&#x649;&#x631;&#x627;&#x632;&#x649;&#x60C; &#x645;&#x631;&#x62A;&#x636;&#x649;.</marc:subfield>
      </marc:datafield>
      <marc:datafield tag="880" ind1="1" ind2=" ">
         <marc:subfield code="6">700-07/r</marc:subfield>
         <marc:subfield code="a">&#x622;&#x630;&#x631;&#x646;&#x648;&#x634;&#x60C; &#x622;&#x630;&#x631;&#x62A;&#x627;&#x634;.</marc:subfield>
      </marc:datafield>
      <marc:datafield tag="880" ind1="1" ind2=" ">
         <marc:subfield code="6">700-08/r</marc:subfield>
         <marc:subfield code="a">&#x639;&#x627;&#x62F;&#x644;&#x60C; &#x645;&#x62D;&#x645;&#x648;&#x62F;.</marc:subfield>
      </marc:datafield>
      <marc:datafield tag="880" ind1="0" ind2=" ">
         <marc:subfield code="6">740-09/r</marc:subfield>
         <marc:subfield code="a">&#x641;&#x631;&#x647;&#x646;&#x6AF; &#x645;&#x635;&#x637;&#x644;&#x62D;&#x627;&#x62A;.</marc:subfield>
      </marc:datafield>
      <marc:datafield tag="998" ind1=" " ind2=" ">
         <marc:subfield code="a">06/16/93</marc:subfield>
         <marc:subfield code="s">9114</marc:subfield>
         <marc:subfield code="n">NjP</marc:subfield>
         <marc:subfield code="w">NJPG88B20792</marc:subfield>
         <marc:subfield code="d">04/21/88</marc:subfield>
         <marc:subfield code="c">KE</marc:subfield>
         <marc:subfield code="b">CS</marc:subfield>
         <marc:subfield code="i">930616</marc:subfield>
         <marc:subfield code="l">NJPG</marc:subfield>
      </marc:datafield>
      <marc:datafield tag="911" ind1=" " ind2=" ">
         <marc:subfield code="a">19930624</marc:subfield>
      </marc:datafield>
      <marc:datafield tag="912" ind1=" " ind2=" ">
         <marc:subfield code="a">19930616000000.0</marc:subfield>
      </marc:datafield>
      <marc:datafield tag="994" ind1=" " ind2=" ">
         <marc:subfield code="a">C0</marc:subfield>
         <marc:subfield code="b">PUL</marc:subfield>
      </marc:datafield>
      <marc:datafield tag="999" ind1=" " ind2=" ">
         <marc:subfield code="a">439675</marc:subfield>
      </marc:datafield>
   </marc:record>
</marc:collection>
